@incollection{driscoll2003byzantine,
  title={Byzantine fault tolerance, from theory to reality},
  author={Driscoll, Kevin and Hall, Brendan and Sivencrona, H{\aa}kan and Zumsteg, Phil},
  booktitle={Computer Safety, Reliability, and Security},
  pages={235--248},
  year={2003},
  publisher={Springer Berlin Heidelberg}
}

@inproceedings{paulitsch2005coverage,
  title={Coverage and the use of cyclic redundancy codes in ultra-dependable systems},
  author={Paulitsch, Michael and Morris, Jennifer and Hall, Brendan and Driscoll, Kevin and Latronico, Elizabeth and Koopman, Philip},
  booktitle={Dependable Systems and Networks, 2005. DSN 2005. Proceedings. International Conference on},
  pages={346--355},
  year={2005},
  organization={IEEE}
}

@misc{hall2006self,
  title={SELF-CHECKING PAIR ON A BRAIDED RING NETWORK},
  author={HALL, Brendan and PAULITSCH, Michael and DRISCOLL, Kevin and others},
  year={2006},
  month=jun # "~16",
  note={WO Patent 2,006,063,237}
}

@inproceedings{driscoll2004real,
  title={The real byzantine generals},
  author={Driscoll, Kevin and Hall, Brendan and Paulitsch, Michael and Zumsteg, Phil and Sivencrona, Hakan},
  booktitle={Digital Avionics Systems Conference, 2004. DASC 04. The 23rd},
  volume={2},
  pages={6--D},
  year={2004},
  organization={IEEE}
}

@inproceedings{hall2005ringing,
  title={Ringing out fault tolerance. A new ring network for superior low-cost dependability},
  author={Hall, Brendan and Driscoll, Kevin and Paulitsch, Michael and Dajani-Brown, Samar},
  booktitle={Dependable Systems and Networks, 2005. DSN 2005. Proceedings. International Conference on},
  pages={298--307},
  year={2005},
  organization={IEEE}
}

@inproceedings{steiner2009ttethernet,
  title={TTEthernet dataflow concept},
  author={Steiner, Wilfried and Bauer, G{\"u}nther and Hall, Brendan and Paulitsch, Michael and Varadarajan, Srivatsan},
  booktitle={Network Computing and Applications, 2009. NCA 2009. Eighth IEEE International Symposium on},
  pages={319--322},
  year={2009},
  organization={IEEE}
}

@misc{hall2004synchronous,
  title={Synchronous mode brother's keeper bus guardian for a TDMA based network},
  author={Hall, Brendan and Driscoll, Kevin R},
  year={2004},
  month=nov # "~19",
  publisher={Google Patents},
  note={US Patent App. 10/993,936}
}

@inproceedings{bhatt2005model,
  title={Model-based development and the implications to design assurance and certification},
  author={Bhatt, Devesh and Hall, Brendan and Dajani-Brown, Samar and Hickman, Steve and Paulitsch, Michael},
  booktitle={Digital Avionics Systems Conference, 2005. DASC 2005. The 24th},
  volume={2},
  pages={13--pp},
  year={2005},
  organization={IEEE}
}

@article{paulitsch2008flexray,
  title={FlexRay in aerospace and safety-sensitive systems},
  author={Paulitsch, Michael and Hall, Brendan},
  journal={Aerospace and Electronic Systems Magazine, IEEE},
  volume={23},
  number={9},
  pages={4--13},
  year={2008},
  publisher={IEEE}
}

@misc{hall2009directional,
  title={Directional integrity enforcement in a bi-directional braided ring network},
  author={Hall, Brendan and Driscoll, Kevin R and Paulitsch, Michael and others},
  year={2009},
  month=mar # "~10",
  publisher={Google Patents},
  note={US Patent 7,502,334}
}

@inproceedings{paulitsch2007insights,
  title={Insights into the Sensitivity of the BRAIN (Braided Ring Availability Integrity Network)--On Platform Robustness in Extended Operation},
  author={Paulitsch, Michael and Hall, Brendan},
  booktitle={Dependable Systems and Networks, 2007. DSN'07. 37th Annual IEEE/IFIP International Conference on},
  pages={154--163},
  year={2007},
  organization={IEEE}
}

@article{hall2007flexray,
  title={FlexRay BRAIN Fusion A FlexRay-Based Braided Ring Availability Integrity Network},
  author={Hall, Brendan and Paulitsch, Michael and Driscoll, Kevin},
  journal={Training},
  volume={2013},
  pages={10--02},
  year={2007}
}

@article{hall2008jet,
  title={Jet engine control using ethernet with a BRAIN},
  author={Hall, Brendan and Paulitsch, Michael and Benson, Dewey and Behbahani, Alireza},
  journal={AIAA},
  volume={5291},
  year={2008}
}

@article{hall2001automated,
  title={Automated safety critical software development for distributed control systems: A cots approach},
  author={HALL, Brendan and SELLNER, Brian and MAIER, Reinhard},
  journal={SAE transactions},
  volume={110},
  number={7},
  pages={293--302},
  year={2001},
  publisher={Society of Automotive Engineers}
}

@misc{hall2007mobius,
  title={Mobius time-triggered communication},
  author={Hall, Brendan and Driscoll, Kevin and Morrell, Kelly Dean and others},
  year={2007},
  month=jul # "~17",
  publisher={Google Patents},
  note={US Patent 7,246,186}
}

@misc{hall2011self,
  title={Self-checking pair-based master/follower clock synchronization},
  author={Hall, Brendan and Paulitsch, Michael and Driscoll, Kevin R and others},
  year={2011},
  month=mar # "~22",
  publisher={Google Patents},
  note={US Patent 7,912,094}
}

@misc{driscoll2006fault,
  title={FAULT-CONTAINMENT AND/OR FAILURE DETECTION USING ENCRYPTION},
  author={Driscoll, Kevin R and Hall, Brendan and Paulitsch, Michael},
  year={2006},
  month=oct # "~20",
  publisher={Google Patents},
  note={US Patent App. 11/551,539}
}

@article{hall2007escape,
  title={ESCAPE CAN Limitations},
  author={Hall, Brendan and Paulitsch, Michael and Driscoll, Kevin R},
  year={2007}
}

@misc{driscoll2010high,
  title={High-integrity self-test in a network having a braided-ring topology},
  author={Driscoll, Kevin R and Hall, Brendan and Paulitsch, Michael and others},
  year={2010},
  month=aug # "~17",
  publisher={Google Patents},
  note={US Patent 7,778,159}
}

@inproceedings{dutertre2012model,
  title={Model-based analysis of Timed-Triggered Ethernet},
  author={Dutertre, Bruno and Easwaran, Arvind and Hall, Brendan and Steiner, Wilfried},
  booktitle={Digital Avionics Systems Conference (DASC), 2012 IEEE/AIAA 31st},
  pages={9D2--1},
  year={2012},
  organization={IEEE}
}

@misc{driscoll2004communication,
  title={Communication fault containment via indirect detection},
  author={Driscoll, Kevin R and Hall, Brendan and Zumsteg, Philip J},
  year={2004},
  month=nov # "~19",
  publisher={Google Patents},
  note={US Patent App. 10/993,916}
}

@inproceedings{paulitsch2008starting,
  title={Starting and Resolving a Partitioned BRAIN},
  author={Paulitsch, Michael and Hall, Brendan},
  booktitle={Object Oriented Real-Time Distributed Computing (ISORC), 2008 11th IEEE International Symposium on},
  pages={415--421},
  year={2008},
  organization={IEEE}
}

@misc{paulitsch2009dynamic,
  title={Dynamic fault-tolerant configuration support and re-configuration of a braided ring network},
  author={Paulitsch, Michael and Hall, Brendan and Driscoll, Kevin R},
  year={2009},
  month=may # "~7",
  note={US Patent App. 12/437,178}
}

@misc{driscoll2010systems,
  title={Systems and methods for fault-tolerant high integrity data propagation using a half-duplex braided ring network},
  author={Driscoll, Kevin R and Hall, Brendan and Paulitsch, Michael and others},
  year={2010},
  month=feb # "~23",
  publisher={Google Patents},
  note={US Patent 7,668,084}
}

@misc{paulitsch2009clock,
  title={Clock-state correction and/or clock-rate correction using relative drift-rate measurements},
  author={Paulitsch, Michael and Hall, Brendan and Driscoll, Kevin R and others},
  year={2009},
  month=sep # "~29",
  publisher={Google Patents},
  note={US Patent 7,596,153}
}

@misc{mahoney2011distributed,
  title={Distributed engine control system},
  author={Mahoney, Timothy D and Griffiths, Scot E and Yount, Larry J and Hess, Richard F and Hall, Brendan and Bhatt, Devesh and McMahon, William M and Teager, John and Rose, Philip E and others},
  year={2011},
  month=oct # "~11",
  publisher={Google Patents},
  note={US Patent 8,036,805}
}

@misc{hall2010methods,
  title={Methods for expedited start-up and clique aggregation using self-checking node pairs on a ring network},
  author={Hall, Brendan and Paulitsch, Michael and Driscoll, Kevin R and others},
  year={2010},
  month=feb # "~2",
  publisher={Google Patents},
  note={US Patent 7,656,881}
}

@misc{hall2010unsynchronous,
  title={Unsynchronous mode brother's keeper bus guardian for a ring networks},
  author={Hall, Brendan and Driscoll, Kevin R and Paulitsch, Michael and others},
  year={2010},
  month=jan # "~19",
  publisher={Google Patents},
  note={US Patent 7,649,835}
}

@misc{hall2009high,
  title={High integrity data propagation in a braided ring},
  author={Hall, Brendan and Driscoll, Kevin and Paulitsch, Michael and others},
  year={2009},
  month=oct # "~20",
  publisher={Google Patents},
  note={US Patent 7,606,179}
}

@misc{hall2010neighbor,
  title={Neighbor node bus guardian scheme for a ring or mesh network},
  author={Hall, Brendan and Driscoll, Kevin R and others},
  year={2010},
  month=jun # "~1",
  publisher={Google Patents},
  note={US Patent 7,729,297}
}

@techreport{hall2008jet,
  title={Jet Engine Control Using Ethernet with a BRAIN (Postprint)},
  author={Hall, Brendan and Paulitsch, Michael and Benson, Dewey and Behbahani, Alireza},
  year={2008},
  institution={DTIC Document}
}

@misc{hall2010embedded,
  title={Embedded self-checking asynchronous pipelined enforcement (escape)},
  author={Hall, Brendan and Driscoll, Kevin R and Paulitsch, Michael and others},
  year={2010},
  month=aug # "~24",
  publisher={Google Patents},
  note={US Patent 7,783,808}
}

@misc{hall2009clique,
  title={Clique aggregation in TDMA networks},
  author={Hall, Brendan and Driscoll, Kevin R and others},
  year={2009},
  month=mar # "~17",
  publisher={Google Patents},
  note={US Patent 7,505,470}
}

@misc{hall2010controlling,
  title={Controlling start up in a network},
  author={Hall, Brendan and Driscoll, Kevin R and others},
  year={2010},
  month=apr # "~13",
  publisher={Google Patents},
  note={US Patent 7,698,395}
}

@misc{paulitsch2011non,
  title={Non-destructive media access resolution for asynchronous traffic in a half-duplex braided-ring},
  author={Paulitsch, Michael and Hall, Brendan and Driscoll, Kevin R and others},
  year={2011},
  month=feb # "~15",
  publisher={Google Patents},
  note={US Patent 7,889,683}
}

@misc{hall2006simplified,
  title={SIMPLIFIED TIME SYNCHRONIZATION FOR A CENTRALIZED GUARDIAN IN A TDMA STAR NETWORK},
  author={Hall, Brendan and Driscoll, Kevin R},
  year={2006},
  month=sep # "~27",
  note={EP Patent 1,704,681}
}

@misc{poledna2010method,
  title={METHOD FOR SWITCHING FROM A DISTRIBUTED PRINCIPLE TO A MASTER-SLAVE PRINCIPLE IN A NETWORK},
  author={Poledna, Stefan and Schwarz, Martin and Bauer, Guenther and Steiner, Wilfried and Hall, Brendan and Paulitsch, Michael},
  year={2010},
  month=jun # "~23",
  note={EP Patent 2,198,567}
}

@misc{hall2010parasitic,
  title={Parasitic time synchronization for a centralized communications guardian},
  author={Hall, Brendan and Driscoll, Kevin R and others},
  year={2010},
  month=jun # "~1",
  publisher={Google Patents},
  note={US Patent 7,729,254}
}

@article{paulitsch2009ieee,
  title={IEEE 1394 Hub With Fault Containment},
  author={Paulitsch, Michael and Hall, Brendan and Driscoll, Kevin R},
  year={2009}
}

@misc{hall2006relaying,
  title={RELAYING DATA IN UNSYNCHRONOUS MODE OF BRAIDED RING NETWORKS},
  author={Hall, Brendan and Driscoll, Kevin R and Paulitsch, Michael},
  year={2006},
  month=sep # "~6",
  note={EP Patent 1,698,113}
}

@misc{steiner2006safe,
  title={Safe start-up of a network},
  author={Steiner, Wilfried and Angelow, Harald and Bauer, Guenther and Hall, Brendan},
  year={2006},
  month=jun # "~28",
  note={US Patent App. 11/993,995}
}

@misc{hall2012hybrid,
  title={Hybrid topology ethernet architecture},
  author={Hall, Brendan and Paulitsch, Michael and Benson, Dwayne Dewey and Rose, Phil and Driscoll, Kevin R and others},
  year={2012},
  month=mar # "~6",
  note={US Patent 8,130,773}
}

@misc{hall2012centralized,
  title={Centralized traffic shaping for data networks},
  author={Hall, Brendan and Varadarajan, Srivatsan and Steiner, Wilfried and Bauer, Guenther},
  year={2012},
  month=oct # "~3",
  note={EP Patent 2,506,510}
}

@article{briesemeister2011quantitative,
  title={Quantitative fault propagation analysis for networked cyber-physical systems},
  author={Briesemeister, Linda and Denker, Grit and Elenius, Daniel and Mason, Ian and Varadarajan, Srivatsan and Bhatt, Devesh and Hall, Brendan and Madl, Gabor and Steiner, Wilfried},
  journal={2nd analytic virtual integration of cyber-physical systems workshop (AVICPS)},
  year={2011}
}

@misc{hall2007self,
  title={SELF-CHECKING PAIR ON A BRAIDED RING NETWORK},
  author={Hall, Brendan and Paulitsch, Michael and Driscoll, Kevin R},
  year={2007},
  month=aug # "~22",
  note={EP Patent 1,820,103}
}

@misc{hall2012guardian,
  title={Guardian strategy for distributed time-triggered protocols},
  author={Hall, Brendan and Dietrich, Paul F and Driscoll, Kevin R},
  year={2012},
  month=nov # "~28",
  note={EP Patent 2,528,283}
}

@misc{kopetz2011communication,
  title={COMMUNICATION METHOD AND DEVICE FOR EFFICIENT AND SECURE TRANSMISSION OF TT ETHERNET MESSAGES},
  author={Kopetz, Hermann and Steiner, Wilfried and Bauer, G{\"u}nther and W{\"a}chter, Matthias and Hall, Brendan and Paulitsch, Michael},
  year={2011},
  month=oct # "~5",
  note={EP Patent 2,145,431}
}

@misc{hall2012versatile,
  title={VERSATILE SOURCE PORT ENFORCEMENT FOR DATA NETWORKS},
  author={Hall, Brendan and Varadarajan, Srivatsan and Bauer, Guenther and Steiner, Wilfried},
  year={2012},
  month=oct # "~4",
  note={US Patent 20,120,250,572}
}

@inproceedings{hall2012verification,
  title={Verification and validation of flight critical systems (VVFCS)},
  author={Hall, Brendan and Driscoll, Kevin and Schweiker, Kevin},
  booktitle={Digital Avionics Systems Conference (DASC), 2012 IEEE/AIAA 31st},
  pages={1--18},
  year={2012},
  organization={IEEE}
}

@misc{hall2006directional,
  title={DIRECTIONAL INTEGRITY ENFORCEMENT IN A BI-DIRECTIONAL BRAIDED RING NETWORK},
  author={Hall, Brendan and Driscoll, Kevin R and Paulitsch, Michael},
  year={2006},
  month=sep # "~6",
  note={EP Patent 1,698,112}
}

@misc{hall2007efficient,
  title={EFFICIENT TRIPLE MODULAR REDUNDANCY ON A BRAIDED RING},
  author={Hall, Brendan and Driscoll, Kevin R and Paulitsch, Michael},
  year={2007},
  month=nov # "~5",
  publisher={Google Patents},
  note={US Patent App. 11/935,343}
}

@misc{hall2011priority,
  title={Priority based arbitration for TDMA schedule enforcement in a multi-channel system},
  author={Hall, Brendan and Driscoll, Kevin and Zumsteg, Philip J and others},
  year={2011},
  month=mar # "~15",
  publisher={Google Patents},
  note={US Patent 7,907,628}
}

@misc{driscoll2012hardware,
  title={Hardware efficient monitoring of input/output signals},
  author={Driscoll, Kevin R and Hall, Brendan and Paulitsch, Michael and others},
  year={2012},
  month=aug # "~14",
  publisher={Google Patents},
  note={US Patent 8,243,614}
}

@misc{steiner2009method,
  title={METHOD FOR SYNCHRONIZING LOCAL CLOCKS IN A DISTRIBUTED COMPUTER NETWORK},
  author={STEINER, Wilfried and BAUER, G{\"u}nther and W{\"A}CHTER, Matthias and PAULITSCH, Michael and HALL, Brendan and others},
  year={2009},
  month=dec # "~11",
  note={WO Patent 2,009,146,472}
}

@misc{hall2006clique,
  title={CLIQUE AGGREGATION IN TDMA NETWORKS},
  author={Hall, Brendan and Driscoll, Kevin R},
  year={2006},
  month=aug # "~9",
  note={EP Patent 1,687,943}
}

@misc{steiner2011method,
  title={METHOD FOR SYNCHRONIZING LOCAL CLOCKS IN A DISTRIBUTED COMPUTER NETWORK},
  author={Steiner, Wilfried and Bauer, G{\"u}nter and W{\"a}chter, Matthias and Paulitsch, Michael and Hall, Brendan},
  year={2011},
  month=mar # "~23",
  note={EP Patent 2,297,885}
}

@misc{zumsteg2007asynchronous,
  title={ASYNCHRONOUS HUB},
  author={Zumsteg, Philip J and Driscoll, Kevin R and Hall, Brendan},
  year={2007},
  month=jan # "~10",
  note={EP Patent 1,741,243}
}

@misc{birkedahl2009scaleable,
  title={Scaleable self-checking processing platform},
  author={Birkedahl, Byron and Wilt, Nicholas and Mccready, Art and Hall, Brendan and Larson, Aaron},
  year={2009},
  month=nov # "~4",
  note={EP Patent 2,113,842}
}

@misc{hall2006port,
  title={PORT DRIVEN AUTHENTICATION IN A TDMA BASED NETWORK},
  author={Hall, Brendan and Paulitsch, Michael and Driscoll, Kevin},
  year={2006},
  month=nov # "~8",
  note={EP Patent 1,719,297}
}

@misc{kopetz2008communication,
  title={Communication method and apparatus for the efficient and reliable transmission of TT ethernet messages},
  author={Kopetz, Hermann and Steiner, Wilfried and Bauer, Gunther and Wachter, Matthias and Hall, Brendan and Paulitsch, Michael},
  year={2008},
  month=apr # "~8",
  note={US Patent App. 12/595,414}
}

@misc{hall2009serialized,
  title={SERIALIZED ENFORCED AUTHENTICATED CONTROLLER AREA NETWORK},
  author={Hall, Brendan and Driscoll, Kevin R},
  year={2009},
  month=oct # "~30",
  publisher={Google Patents},
  note={US Patent App. 12/609,748}
}

@misc{mahoney2009distributed,
  title={Distributed engine control system},
  author={Mahoney, Timothy D and Griffiths, Scot E and Yount, Larry J and Hess, Ridchard F and Hall, Brendan and Bhatt, Devesh and Mcmahon, William M and Taeger, John and Rose, Philip E},
  year={2009},
  month=jan # "~14",
  note={EP Patent 2,014,898}
}

@misc{hall2011hybrid,
  title={Hybrid time triggered architecture for dual lane control systems},
  author={Hall, Brendan and Horvath, Joseph M and Sellner, Brian J and others},
  year={2011},
  month=oct # "~4",
  publisher={Google Patents},
  note={US Patent 8,031,621}
}

@inproceedings{hall2005dependability,
  title={Dependability Issues in Star, Ring and Bus Topologies for Distributed Control},
  author={Hall, B},
  booktitle={Digital Avionics Systems Conference, 2005. DASC 2005. The 24th},
  volume={1},
  pages={6--C},
  organization={IEEE}
}

@misc{driscoll2009method,
  title={Method for acknowledgement of messages in a star network},
  author={Driscoll, Kevin R and Hall, Brendan and Paulitsch, Michael},
  year={2009},
  month=jul # "~29",
  note={EP Patent 1,944,916}
}

@misc{hall2012guardian,
  title={GUARDIAN SCRUBBING STRATEGY FOR DISTRIBUTED TIME-TRIGGERED PROTOCOLS},
  author={Hall, Brendan and Dietrich, Paul F and Driscoll, Kevin R},
  year={2012},
  month=nov # "~29",
  note={US Patent 20,120,300,794}
}

@misc{hall2006priority,
  title={PRIORITY BASED ARBITRATION FOR TDMA SCHEDULE ENFORCEMENT IN A MULTI-CHANNEL SYSTEM IN STAR CONFIGURATION},
  author={Hall, Brendan and Driscoll, Kevin and Zumsteg, Philip J},
  year={2006},
  month=aug # "~16",
  note={EP Patent 1,690,377}
}

@misc{steiner2008method,
  title={METHOD FOR SYNCHRONIZING LOCAL CLOCKS IN A DISTRIBUTED COMPUTER NETWORK},
  author={Steiner, Wilfried and Bauer, Gunther and Wachter, Matthias and Paulitsch, Michael and Hall, Brendan},
  year={2008},
  month=jun # "~2",
  publisher={Google Patents},
  note={US Patent App. 12/995,590}
}

@misc{steiner2008method,
  title={Method for synchronizing local clocks in a distributed computer network},
  author={Steiner, Wilfried and Bauer, Gunther and Wachter, Matthias and Paulitsch, Michael and Hall, Brendan},
  year={2008},
  month=jun # "~2",
  note={US Patent App. 12/995,588}
}

@misc{hall2005priority,
  title={PRIORITY BASED ARBITRATION FOR TDMA SCHEDULE ENFORCEMENT IN A MULTI-CHANNEL SYSTEM IN STAR CONFIGURATION},
  author={HALL, Brendan and DRISCOLL, Kevin and ZUMSTEG, Philip J},
  year={2005},
  month=jun # "~10",
  note={WO Patent 2,005,053,243}
}

@misc{hall2005voting,
  title={VOTING MECHANISM FOR TRANSMISSION SCHEDULE ENFORCEMENT IN A HUB-BASED TDMA NETWORK},
  author={HALL, Brendan and DRISCOLL, Kevin and WACHTER, Matthias and ANGELOW, Harald and others},
  year={2005},
  month=jun # "~10",
  note={WO Patent 2,005,053,246}
}

@inproceedings{hall2012verification,
  title={Verification and validation of distributed flight critical systems},
  author={Hall, Brendan and Driscoll, Kevin and Schweiker, Kevin},
  booktitle={Digital Avionics Systems Conference (DASC), 2012 IEEE/AIAA 31st},
  pages={9D3--1},
  year={2012},
  organization={IEEE}
}

@misc{behbahani2008jet,
  title={Jet Engine Control Using Ethernet with a BRAIN (Postprint)},
  author={Behbahani, Alireza and Benson, Dewey and Hall, Brendan and Paulitsch, Michael},
  year={2008},
  publisher={AIR FORCE RESEARCH LAB WRIGHT-PATTERSON AFB OH PROPULSION DIRECTORATE}
}

@article{driscoll2012modeling,
  title={Modeling and Analysis of Mixed Synchronous/Asynchronous Systems},
  author={Driscoll, Kevin R and Gabor, Madl and Hall, Brendan},
  year={2012}
}

@article{hall20072007,
  title={2007-01-1492 FlexRay BRAIN Fusion A FlexRay-Based Braided Ring Availability Integrity Network},
  author={Hall, B and Paulitsch, M and Driscoll, K},
  journal={SAE SP},
  volume={2121},
  pages={73},
  year={2007},
  publisher={SOCIETY OF AUTOMOTIVE ENGINEERS INC.}
}

@misc{hall2005controlling,
  title={CONTROLLING START UP IN A TDMA BASED NETWORK},
  author={HALL, Brendan and DRISCOLL, Kevin and others},
  year={2005},
  month=jun # "~10",
  note={WO Patent 2,005,053,241}
}

@misc{hall2012versatile,
  title={Versatile source port enforcement for data networks},
  author={Hall, Brendan and Varadarajan, Srivatsan and Bauer, Guenther and Steiner, Wilfried},
  year={2012},
  month=oct # "~3",
  note={EP Patent 2,506,511}
}

@misc{hall2006controlling,
  title={CONTROLLING START UP IN A TDMA BASED NETWORK},
  author={Hall, Brendan and Driscoll, Kevin R},
  year={2006},
  month=aug # "~16",
  note={EP Patent 1,690,376}
}

@article{hall20072007,
  title={2007-01-1487 ESCAPE CAN Limitations},
  author={Hall, B and Paulitsch, M and Driscoll, K and Sivencrona, H},
  journal={SAE SP},
  volume={2121},
  pages={33},
  year={2007},
  publisher={SOCIETY OF AUTOMOTIVE ENGINEERS INC.}
}

@misc{hall2006high,
  title={HIGH INTEGRITY DATA PROPAGATION IN A BRAIDED RING},
  author={Hall, Brendan and Driscoll, Kevin and Paulitsch, Michael},
  year={2006},
  month=aug # "~23",
  note={EP Patent 1,692,823}
}

@misc{hall2010message,
  title={Message error verification using checking with hidden data},
  author={Hall, Brendan and Driscoll, Kevin R and others},
  year={2010},
  month=mar # "~2",
  note={US Patent 7,673,214}
}

@misc{hall2006communication,
  title={COMMUNICATION FAULT CONTAINMENT VIA INDIRECT DETECTION},
  author={Hall, Brendan and Driscoll, Kevin R and Zumsteg, Philip J},
  year={2006},
  month=sep # "~6",
  note={EP Patent 1,698,105}
}

@misc{poledna2012autocratic,
  title={Autocratic low complexity gateway/guardian strategy and/or simple local guardian strategy for flexray or other distributed time-triggered protocol},
  author={Poledna, Stefan and Schwarz, Martin and Bauer, Guenther and Steiner, Wilfred and Hall, Brendan and Paulitsch, Michael and others},
  year={2012},
  month=jun # "~19",
  publisher={Google Patents},
  note={US Patent 8,204,037}
}

@misc{hall2005high,
  title={HIGH INTEGRITY DATA PROPAGATION IN A BRAIDED RING},
  author={HALL, Brendan and DRISCOLL, Kevin and PAULITSCH, Michael},
  year={2005},
  month=jun # "~10",
  note={WO Patent 2,005,053,237}
}

@misc{hall2011voting,
  title={Voting mechanism for transmission schedule enforcement},
  author={Hall, Brendan and Driscoll, Kevin R and Wachter, Matthias and Angelow, Harald and others},
  year={2011},
  month=jan # "~18",
  publisher={Google Patents},
  note={US Patent 7,873,739}
}

@misc{hall2008embedded,
  title={Embedded self-checking asynchronous pipelined enforcement (escape)},
  author={Hall, Brendan and Driscoll, Kevin R and Paulitsch, Michael},
  year={2008},
  month=may # "~14",
  note={EP Patent 1,921,801}
}

@inproceedings{schweiker2012considerations,
  title={Considerations in the presentation of evidence},
  author={Schweiker, Kevin and Hall, Brendan},
  booktitle={Digital Avionics Systems Conference (DASC), 2012 IEEE/AIAA 31st},
  pages={9E5--1},
  year={2012},
  organization={IEEE}
}

@misc{hall2009efficient,
  title={Efficient triple modular redundancy on a braided ring},
  author={Hall, Brendan and Driscoll, Kevin R and Paulitsch, Michael},
  year={2009},
  month=may # "~6",
  note={EP Patent 2,056,533}
}

@misc{driscoll2008systems,
  title={Systems and methods for fault-tolerant high integrity data propagation using a half-duplex braided ring network},
  author={Driscoll, Kevin R and Hall, Brendan and Paulitsch, Michael},
  year={2008},
  month=apr # "~2",
  note={EP Patent 1,906,599}
}

@article{hall2001modular,
  title={Modular aerospace controls},
  author={Hall, Brendan and Sellner, Brian and Maier, Reinhard},
  journal={Aerospace Engineering},
  volume={21},
  number={8},
  pages={37--39},
  year={2001}
}

@misc{driscoll2009hardware,
  title={Hardware efficient monitoring of input/output signals},
  author={Driscoll, Kevin R and Hall, Brendan and Paulitsch, Michael},
  year={2009},
  month=sep # "~9",
  note={EP Patent 2,099,159}
}

@article{driscoll2009data,
  title={Data Network Evaluation Criteria Handbook},
  author={Driscoll, Kevin and Hall, Brendan and Koopman, Philip and Ray, Justin and DeWalt, Mike},
  year={2009}
}

@misc{hall2006mobius,
  title={MOBIUS TIME-TRIGGERED COMMUNICATION},
  author={Hall, Brendan and Driscoll, Kevin and Morrell, Kelly Dean},
  year={2006},
  month=aug # "~30",
  note={EP Patent 1,695,516}
}

@misc{poledna2009autocratic,
  title={Autocratic low complexity gateway/guardian strategy and/or simple local guardian strategy for flexray or other distributed time-triggered protocol},
  author={Poledna, Stefan and Schwarz, Martin and Bauer, Guenther and Steiner, Wilfred and Hall, Brendan and Paulitsch, Michael},
  year={2009},
  month=apr # "~29",
  note={EP Patent 2,053,830}
}

@misc{steiner2011method,
  title={METHOD FOR SYNCHRONIZING LOCAL CLOCKS IN A DISTRIBUTED COMPUTER NETWORK},
  author={Steiner, Wilfried and Bauer, G{\"u}nther and W{\"a}chter, Matthias and Paulitsch, Michael and Hall, Brendan},
  year={2011},
  month=mar # "~23",
  note={EP Patent 2,297,886}
}

@article{easwaran2012model,
  title={Model-Driven Test Generation of Distributed Systems},
  author={Easwaran, Arvind and Hall, Brendan and Schweiker, Kevin},
  year={2012}
}

@misc{hall2005clique,
  title={CLIQUE AGGREGATION IN TDMA NETWORKS},
  author={HALL, Brendan and DRISCOLL, Kevin and others},
  year={2005},
  month=jun # "~10",
  note={WO Patent 2,005,053,238}
}

@misc{hall2010port,
  title={Port driven authentication in a network},
  author={Hall, Brendan and Paulitsch, Michael and Driscoll, Kevin and others},
  year={2010},
  month=feb # "~23",
  publisher={Google Patents},
  note={US Patent 7,668,204}
}

@article{driscoll2004paper,
  title={Paper H},
  author={Driscoll, Kevin and Hall, Brendan and Sivencrona, H{\aa}kan and Zumsteg, Phil},
  journal={On the Design and Validation of Fault Containment Regions in Distributed Communication Systems},
  pages={163},
  year={2004}
}

@article{driscoll2009hardware,
  title={Hardware-Efficient Monitoring of I/O Signals},
  author={Driscoll, Kevin R and Hall, Brendan and Paulitsch, Michael},
  year={2009}
}

@misc{hall2012centralized,
  title={CENTRALIZED TRAFFIC SHAPING FOR DATA NETWORKS},
  author={Hall, Brendan and Varadarajan, Srivatsan and Steiner, Wilfried and Bauer, Guenther},
  year={2012},
  month=oct # "~4",
  note={US Patent 20,120,250,694}
}

@misc{zumsteg2005arbitrating,
  title={ARBITRATING ACCESS TO A TIMESLOT BASED ON A PRIORITY SCHEME IN A TDMA NETWORK WITH ASYNCHRONOUS HUB},
  author={ZUMSTEG, Philip and DRISCOLL, Kevin and HALL, Brendan and others},
  year={2005},
  month=jun # "~10",
  note={WO Patent 2,005,053,245}
}

@misc{birkedahl2011scalable,
  title={Scalable self-checking processing platform including processors executing both coupled and uncoupled applications within a frame},
  author={Birkedahl, Byron and Wilt, Nicholas and McCready, Art and Hall, Brendan and Larson, Aaron and others},
  year={2011},
  month=aug # "~30",
  publisher={Google Patents},
  note={US Patent 8,010,846}
}

@misc{driscoll2012method,
  title={Method for acknowledgement of messages in a star network},
  author={Driscoll, Kevin R and Hall, Brendan and Paulitsch, Michael and others},
  year={2012},
  month=feb # "~21",
  publisher={Google Patents},
  note={US Patent 8,122,147}
}

@misc{zumsteg2009asynchronous,
  title={Asynchronous hub},
  author={Zumsteg, Philip J and Driscoll, Kevin R and Hall, Brendan and others},
  year={2009},
  month=dec # "~8",
  publisher={Google Patents},
  note={US Patent 7,630,390}
}

@inproceedings{driscoll2012maximizing,
  title={Maximizing fault tolerance in a low-s WaP data network},
  author={Driscoll, Kevin and Hall, Brendan and Varadarajan, Srivatsan},
  booktitle={Digital Avionics Systems Conference (DASC), 2012 IEEE/AIAA 31st},
  pages={7A2--1},
  year={2012},
  organization={IEEE}
}

@misc{hall2013embedded,
  title={EMBEDDED END-TO-END DELAY INFORMATION FOR DATA NETWORKS},
  author={Hall, Brendan and Varadarajan, Srivatsan and Steiner, Wilfried and Bauer, Guenther},
  year={2013},
  month=feb # "~28",
  note={US Patent 20,130,051,396}
}

@article{hall2013investigating,
  title={Investigating System Dependability Modeling Using AADL},
  author={Hall, Brendan and Driscoll, Kevin R and Madl, Gabor},
  year={2013}
}

@article{driscoll2013application,
  title={Application Agreement and Integration Services},
  author={Driscoll, Kevin R and Hall, Brendan and Schweiker, Kevin},
  year={2013}
}

@misc{smithgall2013time,
  title={TIME TRIGGERED ETHERNET SYSTEM TESTING MEANS AND METHOD},
  author={Smithgall, William Todd and Hall, Brendan and Varadarajan, Srivatsan},
  year={2013},
  month=mar # "~7",
  note={US Patent 20,130,058,217}
}

@article{hall2013investigating,
  title={Investigating Actuation Force Fight with Asynchronous and Synchronous Redundancy Management Techniques},
  author={Hall, Brendan and Driscoll, Kevin and Schweiker, Kevin and Dutertre, Bruno},
  year={2013}
}

@misc{kopetz2013communication,
  title={COMMUNICATION METHOD AND APPARATUS FOR THE EFFICIENT AND RELIABLE TRANSMISSION OF TT ETHERNET MESSAGES},
  author={Kopetz, Hermann and Steiner, Wilfried and Bauer, Gunther and Wachter, Matthias and Hall, Brendan and Paulitsch, Michael},
  year={2013},
  month=jun # "~6",
  note={US Patent 20,130,142,204}
}

@misc{hall2012virtual,
  title={Virtual pairing for consistent data broadcast},
  author={Hall, Brendan and Varadarajan, Srivatsan and Driscoll, Kevin R},
  year={2012},
  month=jan # "~13",
  note={US Patent App. 13/350,304}
}

@article{sosic1995nimrod,
  title={Nimrod: A tool for performing parametised simulations using distributed workstations},
  author={Sosic, Abramson and Sosic, R and Giddy, J and Hall, B},
  year={1995}
}

@misc{hall2013system,
  title={SYSTEM AND METHOD FOR INTEGRITY RECONSTITUTION},
  author={Hall, Brendan and Driscoll, Kevin R},
  year={2013},
  month=aug # "~22",
  note={US Patent 20,130,219,491}
}

@misc{driscoll2013system,
  title={SYSTEM AND METHOD FOR OUT-OF-BAND SIGNALING},
  author={Driscoll, Kevin R and Hall, Brendan},
  year={2013},
  month=aug # "~22",
  note={US Patent 20,130,215,905}
}
