@incollection{driscoll2003byzantine,
  title={Byzantine fault tolerance, from theory to reality},
  author={Driscoll, Kevin and Hall, Brendan and Sivencrona, H{\aa}kan and Zumsteg, Phil},
  booktitle={Computer Safety, Reliability, and Security},
  pages={235--248},
  year={2003},
  publisher={Springer Berlin Heidelberg}
}

@inproceedings{paulitsch2005coverage,
  title={Coverage and the use of cyclic redundancy codes in ultra-dependable systems},
  author={Paulitsch, Michael and Morris, Jennifer and Hall, Brendan and Driscoll, Kevin and Latronico, Elizabeth and Koopman, Philip},
  booktitle={Dependable Systems and Networks, 2005. DSN 2005. Proceedings. International Conference on},
  pages={346--355},
  year={2005},
  organization={IEEE}
}
@book{obermaisser2011time,
  title={Time-Triggered Communication},
  author={Obermaisser, Roman},
  year={2011},
  publisher={CRC Press, Inc.},
  note={Contributed two chapters. One on BRAIN one TTEThernet}
}

@inproceedings{hall2005ringing,
  title={Ringing out fault tolerance. A new ring network for superior low-cost dependability},
  author={Hall, Brendan and Driscoll, Kevin and Paulitsch, Michael and Dajani-Brown, Samar},
  booktitle={Dependable Systems and Networks, 2005. DSN 2005. Proceedings. International Conference on},
  pages={298--307},
  year={2005},
  organization={IEEE}
}

@inproceedings{steiner2009ttethernet,
  title={TTEthernet dataflow concept},
  author={Steiner, Wilfried and Bauer, G{\"u}nther and Hall, Brendan and Paulitsch, Michael and Varadarajan, Srivatsan},
  booktitle={Network Computing and Applications, 2009. NCA 2009. Eighth IEEE International Symposium on},
  pages={319--322},
  year={2009},
  organization={IEEE}
}

@inproceedings{bhatt2005model,
  title={Model-based development and the implications to design assurance and certification},
  author={Bhatt, Devesh and Hall, Brendan and Dajani-Brown, Samar and Hickman, Steve and Paulitsch, Michael},
  booktitle={Digital Avionics Systems Conference, 2005. DASC 2005. The 24th},
  volume={2},
  pages={13--pp},
  year={2005},
  organization={IEEE}
}

@article{paulitsch2008flexray,
  title={FlexRay in aerospace and safety-sensitive systems},
  author={Paulitsch, Michael and Hall, Brendan},
  journal={Aerospace and Electronic Systems Magazine, IEEE},
  volume={23},
  number={9},
  pages={4--13},
  year={2008},
  publisher={IEEE}
}

@inproceedings{paulitsch2007insights,
  title={Insights into the Sensitivity of the BRAIN (Braided Ring Availability Integrity Network)--On Platform Robustness in Extended Operation},
  author={Paulitsch, Michael and Hall, Brendan},
  booktitle={Dependable Systems and Networks, 2007. DSN'07. 37th Annual IEEE/IFIP International Conference on},
  pages={154--163},
  year={2007},
  organization={IEEE}
}

@article{hall2007flexray,
  title={FlexRay BRAIN Fusion A FlexRay-Based Braided Ring Availability Integrity Network},
  author={Hall, Brendan and Paulitsch, Michael and Driscoll, Kevin},
  journal={Training},
  volume={2013},
  pages={10--02},
  year={2007}
}

@article{hall2008jet,
  title={Jet engine control using ethernet with a BRAIN},
  author={Hall, Brendan and Paulitsch, Michael and Benson, Dewey and Behbahani, Alireza},
  journal={AIAA},
  volume={5291},
  year={2008}
}

@article{hall2001automated,
  title={Automated safety critical software development for distributed control systems: A cots approach},
  author={HALL, Brendan and SELLNER, Brian and MAIER, Reinhard},
  journal={SAE transactions},
  volume={110},
  number={7},
  pages={293--302},
  year={2001},
  publisher={Society of Automotive Engineers}
}
@article{hall2007escape,
  title={ESCAPE CAN Limitations},
  author={Hall, Brendan and Paulitsch, Michael and Driscoll, Kevin R},
  year={2007}
}

@inproceedings{dutertre2012model,
  title={Model-based analysis of Timed-Triggered Ethernet},
  author={Dutertre, Bruno and Easwaran, Arvind and Hall, Brendan and Steiner, Wilfried},
  booktitle={Digital Avionics Systems Conference (DASC), 2012 IEEE/AIAA 31st},
  pages={9D2--1},
  year={2012},
  organization={IEEE}
}

@inproceedings{paulitsch2008starting,
  title={Starting and Resolving a Partitioned BRAIN},
  author={Paulitsch, Michael and Hall, Brendan},
  booktitle={Object Oriented Real-Time Distributed Computing (ISORC), 2008 11th IEEE International Symposium on},
  pages={415--421},
  year={2008},
  organization={IEEE}
}

@article{briesemeister2011quantitative,
  title={Quantitative fault propagation analysis for networked cyber-physical systems},
  author={Briesemeister, Linda and Denker, Grit and Elenius, Daniel and Mason, Ian and Varadarajan, Srivatsan and Bhatt, Devesh and Hall, Brendan and Madl, Gabor and Steiner, Wilfried},
  journal={2nd analytic virtual integration of cyber-physical systems workshop (AVICPS)},
  year={2011}
}

@inproceedings{hall2012verification,
  title={Verification and validation of flight critical systems (VVFCS)},
  author={Hall, Brendan and Driscoll, Kevin and Schweiker, Kevin},
  booktitle={Digital Avionics Systems Conference (DASC), 2012 IEEE/AIAA 31st},
  pages={1--18},
  year={2012},
  organization={IEEE}
}


@article{driscoll2012modeling,
  title={Modeling and Analysis of Mixed Synchronous/Asynchronous Systems},
  author={Driscoll, Kevin R and Gabor, Madl and Hall, Brendan},
  year={2012}
}

@article{hall20072007,
  title={2007-01-1492 FlexRay BRAIN Fusion A FlexRay-Based Braided Ring Availability Integrity Network},
  author={Hall, B and Paulitsch, M and Driscoll, K},
  journal={SAE SP},
  volume={2121},
  pages={73},
  year={2007},
  publisher={SOCIETY OF AUTOMOTIVE ENGINEERS INC.}
}

@article{hall20072007,
  title={2007-01-1487 ESCAPE CAN Limitations},
  author={Hall, B and Paulitsch, M and Driscoll, K and Sivencrona, H},
  journal={SAE SP},
  volume={2121},
  pages={33},
  year={2007},
  publisher={SOCIETY OF AUTOMOTIVE ENGINEERS INC.}
}

@article{hall2001modular,
  title={Modular aerospace controls},
  author={Hall, Brendan and Sellner, Brian and Maier, Reinhard},
  journal={Aerospace Engineering},
  volume={21},
  number={8},
  pages={37--39},
  year={2001}
}


@article{driscoll2009data,
  title={Data Network Evaluation Criteria Handbook},
  author={Driscoll, Kevin and Hall, Brendan and Koopman, Philip and Ray, Justin and DeWalt, Mike},
  year={2009}
}


@misc{poledna2009autocratic,
  title={Autocratic low complexity gateway/guardian strategy and/or simple local guardian strategy for flexray or other distributed time-triggered protocol},
  author={Poledna, Stefan and Schwarz, Martin and Bauer, Guenther and Steiner, Wilfred and Hall, Brendan and Paulitsch, Michael},
  year={2009},
  month=apr # "~29",
  note={EP Patent 2,053,830}
}

@misc{steiner2011method,
  title={METHOD FOR SYNCHRONIZING LOCAL CLOCKS IN A DISTRIBUTED COMPUTER NETWORK},
  author={Steiner, Wilfried and Bauer, G{\"u}nther and W{\"a}chter, Matthias and Paulitsch, Michael and Hall, Brendan},
  year={2011},
  month=mar # "~23",
  note={EP Patent 2,297,886}
}

@article{easwaran2012model,
  title={Model-Driven Test Generation of Distributed Systems},
  author={Easwaran, Arvind and Hall, Brendan and Schweiker, Kevin},
  year={2012}
}

@misc{hall2010port,
  title={Port driven authentication in a network},
  author={Hall, Brendan and Paulitsch, Michael and Driscoll, Kevin and others},
  year={2010},
  month=feb # "~23",
  publisher={Google Patents},
  note={US Patent 7,668,204}
}

@article{driscoll2004paper,
  title={Paper H},
  author={Driscoll, Kevin and Hall, Brendan and Sivencrona, H{\aa}kan and Zumsteg, Phil},
  journal={On the Design and Validation of Fault Containment Regions in Distributed Communication Systems},
  pages={163},
  year={2004}
}


@inproceedings{driscoll2012maximizing,
  title={Maximizing fault tolerance in a low-s WaP data network},
  author={Driscoll, Kevin and Hall, Brendan and Varadarajan, Srivatsan},
  booktitle={Digital Avionics Systems Conference (DASC), 2012 IEEE/AIAA 31st},
  pages={7A2--1},
  year={2012},
  organization={IEEE}
}


@article{hall2013investigating,
  title={Investigating System Dependability Modeling Using AADL},
  author={Hall, Brendan and Driscoll, Kevin R and Madl, Gabor},
  year={2013}
}

@article{driscoll2013application,
  title={Application Agreement and Integration Services},
  author={Driscoll, Kevin R and Hall, Brendan and Schweiker, Kevin},
  year={2013}
}

@misc{smithgall2013time,
  title={TIME TRIGGERED ETHERNET SYSTEM TESTING MEANS AND METHOD},
  author={Smithgall, William Todd and Hall, Brendan and Varadarajan, Srivatsan},
  year={2013},
  month=mar # "~7",
  note={US Patent 20,130,058,217}
}

@article{hall2013investigating,
  title={Investigating Actuation Force Fight with Asynchronous and Synchronous Redundancy Management Techniques},
  author={Hall, Brendan and Driscoll, Kevin and Schweiker, Kevin and Dutertre, Bruno},
  year={2013}
}
